@article{aharonov1998quantum,
  title        = {Quantum Circuits with Mixed States},
  url          = {http://arxiv.org/abs/quant-ph/9806029},
  journaltitle = {{arXiv}:quant-ph/9806029},
  publisher    = {{arXiv}},
  author       = {Aharonov, Dorit and Kitaev, Alexei and Nisan, Noam},
  urldate      = {2022-09-15},
  date         = {1998-06-08},
  langid       = {english},
  eprinttype   = {arxiv},
  eprint       = {quant-ph/9806029},
  keywords     = {Quantum Physics}
}