@book{amari2016information,
  title={Information geometry and its applications},
  author={Amari, Shunichi},
  volume={194},
  year={2016},
  publisher={Springer}
}
@article{ozawa2000entanglement,
  title={Entanglement measures and the Hilbert-Schmidt distance},
  author={Ozawa, Masanao},
  journal={Physics Letters A},
  volume={268},
  number={3},
  pages={158--160},
  year={2000},
  publisher={Elsevier}
}